\usepackage{url}

@misc{mission-inria,
  author = {INRIA},
  note = {\url{https://www.youtube.com/watch?v=CuJ_39LY1rY}},
  title = {Vidéo de présentation de l'INRIA},
  year = {28/06/2025}
}

@misc{soda,
  author = {SODA},
  note = {\url{https://www.inria.fr/fr/soda}},
  title = {Présentation de l'équipe SODA},
  year = {28/06/2025}
}

@misc{penal,
  author = {Amnesty International},
  note = {\url{https://www.amnesty.fr/actualites/intelligence-artificielle-les-sept-choses-qu-on-ne-vous-dit-pas}},
  title = {Intelligence artificielle : les sept choses qu'on ne vous dit pas},
  year = {28/06/2025}
}